% This file was created with JabRef 2.8.1.
% Encoding: Cp1252


@book{2016:gretan,
	author = {Ghetan, Giridhar},
	Title = {Aprendendo Padr√µes de Projeto em Python},
	Publisher = {Novatec},
	edition = {1},
	Year = {2016}
}

